@Article{sanchez2016development,
  title={Development of a Prediction Model of Early Acute Kidney Injury in Critically Ill Children Using Electronic Health Record Data.},
  author={Sanchez-Pinto, L Nelson and Khemani, Robinder G},
  journal={Pediatric critical care medicine: a journal of the Society of Critical Care Medicine and the World Federation of Pediatric Intensive and Critical Care Societies},
  year={2016}
}

@article{sanchez2015association,
  title={Association Between Progression and Improvement of Acute Kidney Injury and Mortality in Critically Ill Children*},
  author={Sanchez-Pinto, L Nelson and Goldstein, Stuart L and Schneider, James B and Khemani, Robinder G},
  journal={Pediatric Critical Care Medicine},
  volume={16},
  number={8},
  pages={703--710},
  year={2015},
  publisher={LWW}
}

@article{bellomo2004acute,
  title={Acute Dialysis Quality Initiative workgroup. Acute renal failure-definition, outcome measures, animal models, fluid therapy and information technology needs: the Second International Consensus Conference of the Acute Dialysis Quality Initiative (ADQI) Group},
  author={Bellomo, Rinaldo and Ronco, Claudio and Kellum, John A and Mehta, Ravindra L and Palevsky, Paul and others},
  journal={Crit Care},
  volume={8},
  number={4},
  pages={R204--12},
  year={2004},
  publisher={London, England).}
}

@article{schneider2010serum,
  title={Serum creatinine as stratified in the RIFLE score for acute kidney injury is associated with mortality and length of stay for children in the pediatric intensive care unit},
  author={Schneider, James and Khemani, Robinder and Grushkin, Carl and Bart, Robert},
  journal={Critical care medicine},
  volume={38},
  number={3},
  pages={933--939},
  year={2010},
  publisher={LWW}
}

@article{gaiao2010baseline,
  title={Baseline creatinine to define acute kidney injury: is there any consensus?},
  author={Gai{\~a}o, S{\'e}rgio and Cruz, Dinna N},
  journal={Nephrology Dialysis Transplantation},
  volume={25},
  number={12},
  pages={3812--3814},
  year={2010},
  publisher={ERA-EDTA}
}

@article{zavada2010comparison,
  title={A comparison of three methods to estimate baseline creatinine for RIFLE classification},
  author={Z{\'a}vada, Jakub and Hoste, Eric and Cartin-Ceba, Rodrigo and Calzavacca, Paolo and Gajic, Ognjen and Clermont, Gilles and Bellomo, Rinaldo and Kellum, John A and others},
  journal={Nephrology Dialysis Transplantation},
  pages={gfp766},
  year={2010},
  publisher={ERA-EDTA}
}

@article{thomas2015definition,
  title={The definition of acute kidney injury and its use in practice},
  author={Thomas, Mark E and Blaine, Caroline and Dawnay, Anne and Devonald, Mark AJ and Ftouh, Saoussen and Laing, Chris and Latchem, Susan and Lewington, Andrew and Milford, David V and Ostermann, Marlies},
  journal={Kidney international},
  volume={87},
  number={1},
  pages={62--73},
  year={2015},
  publisher={Nature Publishing Group}
}

@article{pickering2014definition,
  title={The definition and detection of acute kidney injury},
  author={Pickering, John W and Endre, Zolt{\'a}n H},
  journal={J Renal Inj Prev},
  volume={3},
  number={1},
  pages={21--5},
  year={2014}
}

@manual{kdigo2012guideline,
  title={Kidney Disease: Improving Global Outcomes (KDIGO) Acute Kidney Injury Work Group. KDIGO Clinical Practice Guideline for Acute Kidney Injury},
  organization={Kidney inter. Suppl.},
  year={2012},
  edition={2},
  note={1â€“138}
}

@article{siew2013use,
  title={Use of multiple imputation method to improve estimation of missing baseline serum creatinine in acute kidney injury research},
  author={Siew, Edward D and Peterson, Josh F and Eden, Svetlana K and Moons, Karel G and Ikizler, T Alp and Matheny, Michael E},
  journal={Clinical Journal of the American Society of Nephrology},
  volume={8},
  number={1},
  pages={10--18},
  year={2013},
  publisher={Am Soc Nephrol}
}

@article{siew2012estimating,
  title={Estimating baseline kidney function in hospitalized patients with impaired kidney function},
  author={Siew, Edward D and Ikizler, T Alp and Matheny, Michael E and Shi, Yaping and Schildcrout, Jonathan S and Danciu, Ioana and Dwyer, Jamie P and Srichai, Manakan and Hung, Adriana M and Smith, James P and others},
  journal={Clinical Journal of the American Society of Nephrology},
  volume={7},
  number={5},
  pages={712--719},
  year={2012},
  publisher={Am Soc Nephrol}
}


@article{pollack1996prism,
  title={PRISM III: an updated Pediatric Risk of Mortality score},
  author={Pollack, Murray M and Patel, Kantilal M and Ruttimann, Urs E},
  journal={Critical care medicine},
  volume={24},
  number={5},
  pages={743--752},
  year={1996},
  publisher={LWW}
}

@article{schwartz1976plasma,
  title={Plasma creatinine and urea concentration in children: normal values for age and sex},
  author={Schwartz, George J and Haycock, George B and Chir, B and Spitzer, Adrian},
  journal={The Journal of pediatrics},
  volume={88},
  number={5},
  pages={828--830},
  year={1976},
  publisher={Mosby}
}

@book{meites1989pediatric,
  title={Pediatric clinical chemistry: reference (normal) values},
  author={Meites, Samuel},
  year={1989},
  publisher={AACC press}
}

@misc{pedscrnorm,
  title={Pediatric Reference Ranges},
  howpublished={\url{https://www.healthcare.uiowa.edu/path_handbook/Appendix/Heme/PEDIATRIC_NORMALS.html}},
  note = {Accessed: 2016-06-15}
}

@Article{Schapire:1999,
  Title                    = {{Improved Boosting Algorithms Using Confidence-rated Predictions}},
  Author                   = {Schapire, Robert E},
  Journal                  = {Machine Learning},
  Year                     = {1999},
  Number                   = {1997},
  Pages                    = {297--336},
  Volume                   = {336}
}


